@incollection{LeifSpeth200312, 
	title={Anatomie des Lobbyismus. Einführung in eine unbekannte Sphäre der 
	Macht},
	booktitle = {Die stille Macht: Lobbyismus in Deutschland (German 
	Edition)},
	author={Thomas Leif, Rudolf Speth},
	publisher={VS Verlag für Sozialwissenschaften},
	year={2003},
	month={12},
	edition={2003},
	isbn={9783531141329},
	url={http://amazon.com/o/ASIN/3531141325/},
	price={$69.95},
	totalpages={385},
	timestamp={2015.11.09},
}
@incollection{Neimann200312, 
    title={Das Interessengeflecht des Agrobusiness},
    booktitle = {Die stille Macht: Lobbyismus in Deutschland (German 
    Edition)},
    author={Eckehard Niemann},
    publisher={VS Verlag für Sozialwissenschaften},
    year={2003},
    month={12},
    isbn={9783531141329},
    url={http://amazon.com/o/ASIN/3531141325/},
    price={$69.95},
    totalpages={385},
    timestamp={2015.11.09},
}
@book{BeckLobbyGesundwe, 
    title={Lobbyismus im Gesundheitswesen},
    author={Stefanie Beck},
    publisher={Nomos Verlagsges.MBH + Co},
    year={2014},
    month={5},
    isbn={9783848713844},
    url={http://amazon.com/o/ASIN/3848713845/},
    timestamp={2015.11.17},
}
@book{2012lobbyists,
    title={Lobbyists, Governments and Public Trust, Volume 2 Promoting 
    Integrity through Self-regulation: Promoting Integrity through 
    Self-regulation},
    isbn={9789264084940},
    series={Lobbyists, Government and Public Trust},
    url={https://books.google.de/books?id=3oyrOYU2cb4C},
    year={2012},
    publisher={OECD Publishing}
}
@article{ZeitEuroAgrar,
	author  = {Grefe, Christiane and Tatje, Claas}, 
	title   = {Europas Agrarpolitik},
	journal = {Zeit},
	howpublished = "\url{https://fsfe.org/about/basics/freesoftware.en.html}",
	year    = 2011,
	number  = 24,
	month   = 6,
}
@online{FsfeFs,
  author = {FSFE},
  title = {Free Software},
  year = 2004,
  url = "https://fsfe.org/about/basics/freesoftware.en.html",
  urldate = {2015-11-13}
}
@online{FsfeTeam,
    author = {FSFE},
    title = {Team},
    url = {https://fsfe.org/about/team.en.html},
    urldate = {2015-11-13}
}
@online{FsfeEUvsMS,
    author = {FSFE},
    title = {Die FSFE und die Kartellklage gegen Microsoft},
    url = {https://fsfe.org/activities/ms-vs-eu/ms-vs-eu.de.html},
    urldate = {2015-12-06}
}
@online{FsfeSecureBoot,
    author = {Matthias Kirschner},
    year = 2012,
    title = {Secure Boot: Wer wird Ihren nächsten Computer kontrollieren?},
    url = 
    {https://fsfe.org/campaigns/generalpurposecomputing/secure-boot-analysis.de.html},
    urldate = {2015-12-06}
}
@online{PLGreveInterView,
  author = {Mirko Lindner},
  title = {Interview mit Georg Greve},
  year = 2004,
  url = {http://www.pro-linux.de/artikel/2/370/interview-mit-georg-greve.html},
  urldate = {2015-11-13}
}
@online{TAZKirschnerInterView,
    author = {Ben Schwan},
    title = {Interview mit Matthias Kirschner},
    year = 2011,
    url = 
    {http://www.taz.de/!5120634/},
    urldate = {2015-11-17}
}
@online{YTKirschnerInterView,
    author = {Unbekannt},
    title = {Interview mit Matthias Kirschner auf FOSDEM 2015},
    year = 2015,
    url = 
    {https://www.youtube.com/watch?v=oaeSOHymOTQ&feature=youtu.be},
    urldate = {2015-11-17}
}
@online{WikiIdentitaetstheorie,
    author = {Unbekannt},
    title = {Identitätstheorie},
    year = 2015,
    url = 
    {https://de.wikipedia.org/wiki/Identit%C3%A4tstheorie_(Politische_Theorie)},
    urldate = {2015-12-01}
}
@online{EuLobbyCodex,
    author = {Europäische Kommission},
    title = {Rahmen für die Beziehungen zu Interessenvertretern (Register und 
    Verhaltenskodex)},
    year = 2008,
    url = 
    {http://ec.europa.eu/transparency/docs/323_de.pdf},
    urldate = {2015-12-01}
}
@online{WSISTunisCommitment,
    author = {WSIS},
    title = {Tunis Commitment WSIS-05/TUNIS/DOC/7-E},
    year = 2005,
    url = 
    {http://www.itu.int/net/wsis/docs2/tunis/off/7.html},
    urldate = {2015-12-03}
}
@online{WikiCopa,
    author = "Wikipedia",
    title = "COPA-COGECA --- Wikipedia{,} Die freie Enzyklopädie",
    year = "2014",
    url = 
    {https://de.wikipedia.org/w/index.php?title=COPA-COGECA&oldid=132235523},
    urldate = {2015-12-12}
}
@online{MonsantoTrail,
    author = "Sustainable Pulse",
    title = "Monsanto Face People’s Trial for Crimes against Humanity",
    year = "2015",
    month = "12",
    day = "2",
    url = 
    {http://sustainablepulse.com/2015/12/03/monsanto-put-on-trial-for-crimes-against-humanity-in-the-hague/#.Vmw6Qo2lxQI},
    urldate = {2015-12-12}
}
@online{WikiMonsanto,
    author = "Wikipedia",
    title = "Monsanto --- Wikipedia{,} Die freie Enzyklopädie",
    year = "2015",
    url = {https://de.wikipedia.org/w/index.php?title=Monsanto&oldid=148817475},
    urldate = "2015-12-12"
}
